<?xml version="1.0" encoding="UTF-8"?><collection xmlns="http://www.loc.gov/MARC21/slim"><record><leader>00504nam--2200145-i-4500</leader><controlfield tag="001">000008655</controlfield><controlfield tag="002">20161230</controlfield><controlfield tag="005">20170304142036</controlfield><controlfield tag="008">060222s1000------------r-----000-0-eng-d</controlfield><datafield ind1=" " ind2=" " tag="100"><subfield code="a">Cojocaru, N. Leu</subfield></datafield><datafield ind1=" " ind2=" " tag="245"><subfield code="a">Efectul radiatiilor nucleare asupra proprietatilor electrice ale maselor din sistemul uo2- sio2. Autoreferat asupra tezei pentru obtinere a titlului de doctor</subfield></datafield><datafield ind1=" " ind2=" " tag="260"><subfield code="a">Bucuresti</subfield><subfield code="b">Institutul De Fizica Atomica</subfield><subfield code="c">1968</subfield></datafield><datafield ind1=" " ind2=" " tag="300"><subfield code="a">25 p</subfield></datafield><datafield ind1=" " ind2=" " tag="852"><subfield code="a">621.039.8</subfield></datafield><datafield ind1=" " ind2=" " tag="CAT"><subfield code="a">SYS</subfield><subfield code="c">20170304</subfield><subfield code="h">142036</subfield></datafield></record></collection>